<?xml version="1.0" encoding="UTF-8"?><collection xmlns="http://www.loc.gov/MARC21/slim"><record><leader>00560nam--2200169-i-4500</leader><controlfield tag="001">000048955</controlfield><controlfield tag="002">20161230</controlfield><controlfield tag="005">20161230201047</controlfield><controlfield tag="008">060222s1000------------r-----000-0-eng-d</controlfield><datafield ind1=" " ind2=" " tag="040"><subfield code="a">IFIN-HH</subfield></datafield><datafield ind1=" " ind2=" " tag="080"><subfield code="a">520.27:520.6.05:523.31.852(061.3)</subfield></datafield><datafield ind1="1" ind2=" " tag="100"><subfield code="a">Aarons, Jules</subfield></datafield><datafield ind1="1" ind2="0" tag="245"><subfield code="a">Radio astronomical and satellite studies of the atmosphere</subfield><subfield code="b">Proceedings of the corfu summer school 17-29 june 1962</subfield><subfield code="c">Jules aarons (ed.)</subfield></datafield><datafield ind1=" " ind2=" " tag="260"><subfield code="a">Amsterdam</subfield><subfield code="b">North-holland Publishing Company</subfield><subfield code="c">1963</subfield></datafield><datafield ind1=" " ind2=" " tag="300"><subfield code="a">561P</subfield></datafield><datafield ind1=" " ind2=" " tag="852"><subfield code="a">18843</subfield><subfield code="c">523.164</subfield></datafield><datafield ind1=" " ind2=" " tag="CAT"><subfield code="a">Sys</subfield><subfield code="c">20141210</subfield><subfield code="h">171722</subfield></datafield></record></collection>